
@misc{mindfront_tank_????,
  title = {Tank {{Top}} 01},
  timestamp = {2016-09-25T15:31:14Z},
  urldate = {2016-09-25},
  howpublished = {\url{http://www.makehumancommunity.org/clothes/tank_top_01.html}},
  author = {{Mindfront}},
  file = {Tank Top 01 | www.makehumancommunity.org:C\:\\Users\\David\\AppData\\Roaming\\Mozilla\\Firefox\\Profiles\\xfvdzb0o.default\\zotero\\storage\\7FJAGCKE\\tank_top_01.html:text/html}
}

@misc{mindfront_m_????,
  title = {M {{Swimming}} Trunks 01},
  timestamp = {2016-09-25T15:16:49Z},
  urldate = {2016-09-25},
  howpublished = {\url{http://www.makehumancommunity.org/clothes/m_swimming_trunks_01.html}},
  author = {{Mindfront}},
  file = {M Swimming trunks 01 | www.makehumancommunity.org:C\:\\Users\\David\\AppData\\Roaming\\Mozilla\\Firefox\\Profiles\\xfvdzb0o.default\\zotero\\storage\\IBI8SDBN\\m_swimming_trunks_01.html:text/html}
}

@misc{joepal1976_downloading_2015,
  title = {Downloading Clothes and Targets for {{MakeHuman}}},
  abstract = {This is a mini tutorial on how to download and install clothes and targets from the user contribution areas on the makehuman community site.},
  timestamp = {2016-09-25T15:11:23Z},
  urldate = {2016-09-25},
  author = {{joepal1976}},
  month = jul,
  year = {2015},
  keywords = {clothes,makehuman,targets}
}

@misc{codelessness_import_2015,
  title = {Import {{MakeHuman Character}} into {{Unity3D}} and {{Animate}}},
  abstract = {Rig and Import MakeHuman Character into Unity 3D. Animate using the Unity Mechanim animation tool and MoCap (Motion Capture).},
  timestamp = {2016-09-25T15:11:33Z},
  urldate = {2016-09-25},
  author = {{Codelessness}},
  month = aug,
  year = {2015},
  keywords = {animate,Animated,Animation,makehuman,mechanim,mocap,rig,unity,unity3d,Unity (Software)}
}

@article{USexercise,
  title = {So {{Far}} in 2015, {{More Americans Exercising Frequently}}},
  timestamp = {2016-09-26T12:01:01Z},
  urldate = {2016-09-26},
  journal = {Gallup},
  author = {Riffkin, Rebecca},
  month = jul,
  year = {2015},
  file = {So Far in 2015, More Americans Exercising Frequently:C\:\\Users\\David\\AppData\\Roaming\\Mozilla\\Firefox\\Profiles\\xfvdzb0o.default\\zotero\\storage\\8AR22XB2\\far-2015-americans-exercising-frequently.html:text/html}
}


